@article{FaderHardie2005,
  author  = {Fader, Peter and Hardie, Bruce and Lee, Ka},
  year    = {2005},
  month   = {05},
  pages   = {275-284},
  title   = {{"Counting Your Customers" the Easy Way: An Alternative to the Pareto/NBD Model}},
  volume  = {24},
  journal = {Marketing Science},
  doi     = {10.1287/mksc.1040.0098}
}

@article{FaderHardie2007,
  title   = {How to project customer retention},
  journal = {Journal of Interactive Marketing},
  volume  = {21},
  number  = {1},
  pages   = {76-90},
  year    = {2007},
  issn    = {1094-9968},
  doi     = {https://doi.org/10.1002/dir.20074},
  url     = {https://www.sciencedirect.com/science/article/pii/S1094996807700233},
  author  = {Peter S. Fader and Bruce G.S. Hardie}
}

@misc{FaderHardieNote2007,
  author       = {Peter S. Fader and Bruce G.S. Hardie},
  howpublished = {\url{http://brucehardie.com/notes/019/}},
  title        = {{Incorporating Time-Invariant Covariates into the Pareto/NBD and BG/NBD Models}},
  year         = {2007}
}

@misc{FaderHardieNote2017,
  author       = {Peter S. Fader and Bruce G.S. Hardie},
  howpublished = {\url{http://brucehardie.com/notes/017/}},
  title        = {{Fitting the sBG Model to Multi-Cohort Data}},
  year         = {2017}
}

@article{phan2019composable,
  title   = {{Composable Effects for Flexible and Accelerated Probabilistic Programming in {NumPyro}}},
  author  = {Phan, Du and Pradhan, Neeraj and Jankowiak, Martin},
  journal = {arXiv preprint arXiv:1912.11554},
  year    = {2019}
}

@article{pymc2023,
  title     = {PyMC: A Modern and Comprehensive Probabilistic Programming Framework in Python},
  author    = {Abril-Pla, Oriol and Andreani, Virgilio and Carroll, Christopher and Dong, Liang and Fonnesbeck, Christopher J and Kochurov, Max and Kumar, Ravin and Lao, Junpeng and Luhmann, Christian C and Martin, Osvaldo A and Osthege, Michael and Vieira, Ricardo and Wiecki, Thomas and Zinkov, Robert},
  journal   = {PeerJ Computer Science},
  volume    = {9},
  pages     = {e1516},
  year      = {2023},
  publisher = {PeerJ},
  doi       = {10.7717/peerj-cs.1516},
  url       = {https://peerj.com/articles/cs-1516/}
}

@misc{orduz_retention,
  author       = {Juan Orduz},
  howpublished = {\url{https://juanitorduz.github.io/retention/}},
  month        = {12},
  title        = {{A Simple Cohort Retention Analysis in PyMC}},
  year         = {2022}
}

@misc{orduz_retention_bart,
  author       = {Juan Orduz},
  howpublished = {\url{https://juanitorduz.github.io/retention_bart/}},
  month        = {01},
  title        = {{Cohort Retention Analysis with BART}},
  year         = {2023}
}

@misc{orduz_revenue_retention,
  author       = {Juan Orduz},
  howpublished = {\url{https://juanitorduz.github.io/revenue_retention/}},
  month        = {01},
  title        = {{Cohort Revenue \& Retention Analysis: A Bayesian Approach}},
  year         = {2023}
}

@misc{orduz_revenue_retention_numpyro,
  author       = {Juan Orduz},
  howpublished = {\url{https://juanitorduz.github.io/revenue_retention_numpyro/}},
  month        = {01},
  title        = {{Cohort Revenue Retention Analysis with {Flax} and {NumPyro}}},
  year         = {2024}
}

@misc{orduz_revenue_retention_data,
  author       = {Juan Orduz},
  howpublished = {\url{https://github.com/juanitorduz/website_projects/blob/master/data/retention_data.csv}},
  month        = {01},
  title        = {{Cohort Revenue \& Retention Analysis: A Bayesian Approach - Data (csv)}},
  year         = {2023}
}

@misc{orduz_revenue_retention_data_code,
  author       = {Juan Orduz},
  howpublished = {\url{https://github.com/juanitorduz/website_projects/blob/master/Python/retention_data.py}},
  month        = {01},
  title        = {{Cohort Revenue \& Retention Analysis: A Bayesian Approach - Code to generate data}},
  year         = {2023}
}

@misc{quiroga2022bart,
  doi       = {10.48550/ARXIV.2206.03619},
  url       = {https://arxiv.org/abs/2206.03619},
  author    = {Quiroga, Miriana and Garay, Pablo G and Alonso, Juan M. and Loyola, Juan Martin and Martin, Osvaldo A},
  keywords  = {Computation (stat.CO), FOS: Computer and information sciences, FOS: Computer and information sciences},
  title     = {Bayesian additive regression trees for probabilistic programming},
  publisher = {arXiv},
  year      = {2022},
  copyright = {Creative Commons Attribution Share Alike 4.0 International}
}

@online{stucchio2015bayesian,
  title        = {Bayesian A/B Testing at VWO},
  author       = {Stucchio, Chris},
  year         = {2015},
  howpublished = {\url{https://vwo.com/downloads/VWO\_SmartStats\_technical\_whitepaper.pdf}},
  url          = {https://vwo.com/downloads/VWO\_SmartStats\_technical\_whitepaper.pdf}
}

@misc{pymc_marketing,
  title        = {{PyMC-Marketing: Bayesian marketing toolbox in {PyMC}}},
  author       = {{PyMC-Labs Development-Team}},
  year         = {2023},
  publisher    = {GitHub},
  journal      = {GitHub repository},
  howpublished = {\url{https://github.com/pymc-labs/pymc-marketing}},
  url          = {https://github.com/pymc-labs/pymc-marketing},
  note         = {Media Mix (MMM), customer lifetime value (CLV), buy-till-you-die (BTYD) models and more}
}

@misc{cabezas2024blackjax,
  title         = {{BlackJAX: Composable Bayesian inference in {JAX}}},
  author        = {Alberto Cabezas and Adrien Corenflos and Junpeng Lao and RÃ©mi Louf},
  year          = {2024},
  eprint        = {2402.10797},
  archiveprefix = {arXiv},
  primaryclass  = {cs.MS}
}