@article{teunter2011improving,
  title     = {Improving forecasting performance by employing the {TSB} method},
  author    = {Teunter, Ruud H and Syntetos, Aris A and Babai, M Zied},
  journal   = {International Journal of Production Economics},
  volume    = {134},
  number    = {1},
  pages     = {133--141},
  year      = {2011},
  publisher = {Elsevier}
}

@misc{svetunkov2023zeroes,
  title        = {Why zeroes happen},
  author       = {Svetunkov, Ivan},
  year         = {2023},
  howpublished = {\url{https://forecasting.svetunkov.ru/en/2023/01/28/why-zeroes-happen/}},
  note         = {Accessed: 2024-11-25}
}

@article{svetunkov2023intermittent,
  title     = {Intermittent state space models},
  author    = {Svetunkov, Ivan},
  journal   = {International Journal of Production Research},
  volume    = {61},
  number    = {18},
  pages     = {6264--6281},
  year      = {2023},
  publisher = {Taylor \& Francis}
}

@misc{orduz2023tsb_numpyro,
  title        = {{TSB} Method for Intermittent Time Series Forecasting in {NumPyro}},
  author       = {Orduz, Juan Camilo},
  year         = {2023},
  howpublished = {\url{https://juanitorduz.github.io/tsb_numpyro/}},
  note         = {Accessed: 2024-11-25}
}

@misc{orduz2023zero_inflated_tsb,
  title        = {Zero-Inflated {TSB} Model},
  author       = {Orduz, Juan Camilo},
  year         = {2023},
  howpublished = {\url{https://juanitorduz.github.io/zero_inflated_tsb/}},
  note         = {Accessed: 2024-11-25}
}

@inproceedings{phan2019composable,
  title     = {Composable effects for flexible and accelerated probabilistic programming in {NumPyro}},
  author    = {Phan, Du and Pradhan, Neeraj and Jankowiak, Martin},
  booktitle = {arXiv preprint arXiv:1912.11554},
  year      = {2019}
}

@software{jax2018github,
  author  = {James Bradbury and Roy Frostig and Peter Hawkins and Matthew James Johnson and Chris Leary and Dougal Maclaurin and George Necula and Adam Paszke and Jake Vander{P}las and Skye Wanderman-{M}ilne and Qiao Zhang},
  title   = {{JAX}: composable transformations of {P}ython+{N}um{P}y programs},
  url     = {http://github.com/google/jax},
  version = {0.3.13},
  year    = {2018}
}

@article{hoffman2013stochastic,
  title   = {Stochastic variational inference},
  author  = {Hoffman, Matthew D and Blei, David M and Wang, Chong and Paisley, John},
  journal = {Journal of Machine Learning Research},
  volume  = {14},
  number  = {May},
  pages   = {1303--1347},
  year    = {2013}
}

@book{gelman2013bayesian,
  title     = {Bayesian data analysis},
  author    = {Gelman, Andrew and Carlin, John B and Stern, Hal S and Dunson, David B and Vehtari, Aki and Rubin, Donald B},
  year      = {2013},
  publisher = {CRC press}
}

@article{croston1972forecasting,
  title     = {Forecasting and stock control for intermittent demands},
  author    = {Croston, John D},
  journal   = {Operational Research Quarterly},
  volume    = {23},
  number    = {3},
  pages     = {289--303},
  year      = {1972},
  publisher = {Taylor \& Francis}
}

@misc{orduz2024availability_tsb,
  title        = {Hacking the {TSB} Model for Intermediate Time Series to Accommodate for Availability Constraints},
  author       = {Orduz, Juan Camilo},
  year         = {2024},
  howpublished = {\url{https://juanitorduz.github.io/availability_tsb/}},
  note         = {Accessed: 2024-11-25}
}